@book{b1,
	title = "Paxos Made Simple",
	author = "Leslie Lamport",
	year = "2001"
}

@misc{b2,
	title = "In Search of An Understandable Consensus Algorithm (Raft) [Электронный ресурс]",
	url = "https://shubheksha.com/posts/2017/10/in-search-of-an-understandable-consensus-algorithm-raft/",
	urldate = "2024-12-15"}

@book{b3,
	title = "Distributed Systems: Principles and Paradigms",
	author = "Andrew S.Tanenbaum and Maarten Van Steen",
	year = "2007",
	publisher = "Upper Saddle River",
	ibsn = "0-13-239227-5"
}

@book{b4,
	title = "Game Engine Architectur",
	author = "Jason Gregory",
	year = "2009",
	publisher = "A K Peters, Ltd"
}
	
@misc{b5,
	title = "Valve Anti-Cheat [Электронный ресурс]",
	url = "https://help.steampowered.com/en/faqs/view/571A-97DA-70E9-FF74",
	urldate = "2024-12-15"}

@misc{b6,
	title = "Easy Anti-Cheat [Электронный ресурс]",
	url = "https://www.easy.ac/en-US",
	urldate = "2024-12-15"}

@misc{b7,
	title = "Battleye [Электронный ресурс]",
	url = "https://www.battleye.com/",
	urldate = "2024-12-15"}

@misc{b8,
	title = "World of Warcraft [Электронный ресурс]",
	url = "https://worldofwarcraft.blizzard.com",
	urldate = "2024-12-16"}

@misc{b9,
	title = "PUBG: Battlegrounds [Электронный ресурс]",
	url = "https://www.pubg.com",
	urldate = "2024-12-16"}

@misc{b10,
	title = "Tom Clancy’s Rainbow Six Siege [Электронный ресурс]",
	url = "https://www.ubisoft.com/en-gb/game/rainbow-six/siege",
	urldate = "2024-12-16"}

@misc{b11,
	title = "Steam [Электронный ресурс]",
	url = "https://store.steampowered.com",
	urldate = "2024-12-16"}


