@book{b1,
	title = "Методы многомерной оптимизации",
	author = "Т. М. Попова",
	year = "2012",
	publisher = "Издательство ТОГУ"
}

@misc{b3,
	title = "OxyPlot [Электронный ресурс]",
	url = "https://oxyplot.github.io/",
	urldate = "2024-10-07"}
